<?xml version = "1.0" encoding = "UTF-8"?><OAI-PMH xmlns="http://www.openarchives.org/OAI/2.0/" xmlns:xsi="http://www.w3.org/2001/XMLSchema-instance" xsi:schemaLocation="http://www.openarchives.org/OAI/2.0/ http://www.openarchives.org/OAI/2.0/OAI-PMH.xsd"><ListRecords><record><header><identifier>aleph-publish:006281904</identifier></header><metadata><record xmlns="http://www.ddb.de/professionell/mabxml/mabxml-1.xsd"><leader>00881vM2.01200024------h</leader><controlfield tag="LDR">00881vM2.01200024------h</controlfield><controlfield tag="FMT">MH</controlfield><datafield tag="001" ind1="-" ind2="1"><subfield code="a">HT003107762</subfield></datafield><datafield tag="002" ind1="a" ind2="1"><subfield code="a">19931225</subfield></datafield><datafield tag="025" ind1="o" ind2="1"><subfield code="a">260132863</subfield></datafield><controlfield tag="030">a|1uc||||||17</controlfield><datafield tag="036" ind1="a" ind2="1"><subfield code="a">AT</subfield></datafield><datafield tag="037" ind1="b" ind2="1"><subfield code="a">ger</subfield></datafield><controlfield tag="050">a|||||||||||||</controlfield><controlfield tag="051">s|||||||</controlfield><datafield tag="070" ind1="-" ind2="1"><subfield code="a">292</subfield></datafield><datafield tag="080" ind1="-" ind2="1"><subfield code="a">60</subfield></datafield><datafield tag="100" ind1="-" ind2="1"><subfield code="p">Gaisbauer, Adolf</subfield><subfield code="d">1942-</subfield><subfield code="9">(DE-588)172091063</subfield></datafield><datafield tag="331" ind1="-" ind2="1"><subfield code="a">Davidstern und Doppeladler</subfield></datafield><datafield tag="335" ind1="-" ind2="1"><subfield code="a">Zionismus und jüdischer Nationalismus in Österreich 1882 - 1918</subfield></datafield><datafield tag="359" ind1="-" ind2="1"><subfield code="a">Adolf Gaisbauer</subfield></datafield><datafield tag="410" ind1="-" ind2="1"><subfield code="a">Wien [u.a.]</subfield></datafield><datafield tag="412" ind1="-" ind2="1"><subfield code="a">Böhlau</subfield></datafield><datafield tag="425" ind1="a" ind2="1"><subfield code="a">1988</subfield></datafield><datafield tag="433" ind1="-" ind2="1"><subfield code="a">553 S. : Ill.</subfield></datafield><datafield tag="451" ind1="-" ind2="1"><subfield code="a">Veröffentlichungen der Kommission für Neuere Geschichte Österreichs ; 78</subfield></datafield><datafield tag="453" ind1="-" ind2="1"><subfield code="a">HT001237573</subfield></datafield><datafield tag="455" ind1="-" ind2="1"><subfield code="a">78</subfield></datafield><datafield tag="456" ind1="-" ind2="1"><subfield code="a">78</subfield></datafield><datafield tag="540" ind1="a" ind2="1"><subfield code="a">3-205-08872-7</subfield><subfield code="b">brosch. : ca. DM 105.00, ca. S 680.00</subfield></datafield><datafield tag="655" ind1="e" ind2="1"><subfield code="m">V:DE-605</subfield><subfield code="q">application/pdf</subfield><subfield code="u">http://digitale-objekte.hbz-nrw.de/storage2/2016/09/06/file_3/6860788.pdf</subfield><subfield code="3">Inhaltsverzeichnis</subfield><subfield code="A">2</subfield></datafield><datafield tag="902" ind1="-" ind2="1"><subfield code="g">Österreich-Ungarn</subfield><subfield code="9">(DE-588)4075613-0</subfield></datafield><datafield tag="902" ind1="-" ind2="1"><subfield code="s">Zionismus</subfield><subfield code="9">(DE-588)4067864-7</subfield></datafield><datafield tag="902" ind1="-" ind2="1"><subfield code="z">Geschichte 1882-1918</subfield></datafield><datafield tag="903" ind1="-" ind2="1"><subfield code="a">213</subfield></datafield><datafield tag="907" ind1="-" ind2="1"><subfield code="g">Österreich-Ungarn</subfield><subfield code="9">(DE-588)4075613-0</subfield></datafield><datafield tag="907" ind1="-" ind2="1"><subfield code="s">Nationalismus</subfield><subfield code="9">(DE-588)4041300-7</subfield></datafield><datafield tag="907" ind1="-" ind2="1"><subfield code="s">Juden</subfield><subfield code="9">(DE-588)4028808-0</subfield></datafield><datafield tag="907" ind1="-" ind2="1"><subfield code="z">Geschichte 1882-1918</subfield></datafield><datafield tag="908" ind1="-" ind2="1"><subfield code="a">2314</subfield><subfield code="a">3214</subfield></datafield><controlfield tag="SYS">006281904</controlfield><datafield tag="LOW" ind1="-" ind2="1"><subfield code="a">K0001</subfield></datafield><datafield tag="LOW" ind1="-" ind2="1"><subfield code="a">B0001</subfield></datafield><datafield tag="LOW" ind1="-" ind2="1"><subfield code="a">Q0001</subfield></datafield><datafield tag="LOW" ind1="-" ind2="1"><subfield code="a">Q1036</subfield></datafield><datafield tag="LOW" ind1="-" ind2="1"><subfield code="a">K1124</subfield></datafield><datafield tag="952" ind1="-" ind2="1"><subfield code="g">Österreichisch-Ungarische Monarchie</subfield></datafield><datafield tag="952" ind1="-" ind2="1"><subfield code="g">Donaumonarchie</subfield></datafield><datafield tag="952" ind1="-" ind2="1"><subfield code="g">Doppelmonarchie</subfield></datafield><datafield tag="952" ind1="-" ind2="1"><subfield code="g">Habsburgerreich</subfield><subfield code="h">1867-1918</subfield></datafield><datafield tag="952" ind1="-" ind2="1"><subfield code="g">Habsburgisches Reich</subfield><subfield code="h">1867-1918</subfield></datafield><datafield tag="952" ind1="-" ind2="1"><subfield code="g">Habsburgermonarchie</subfield><subfield code="h">1867-1918</subfield></datafield><datafield tag="952" ind1="-" ind2="1"><subfield code="g">Osztrák-Magyar Birodalom</subfield></datafield><datafield tag="952" ind1="-" ind2="1"><subfield code="g">Monarchie Austro-Hongroise</subfield></datafield><datafield tag="952" ind1="-" ind2="1"><subfield code="g">Empire Austro-Hongrois</subfield></datafield><datafield tag="952" ind1="-" ind2="1"><subfield code="g">Austria-Hungary</subfield></datafield><datafield tag="952" ind1="-" ind2="1"><subfield code="g">Austrian-Hungarian Monarchy</subfield></datafield><datafield tag="952" ind1="-" ind2="1"><subfield code="g">Austrian-Hungarian Empire</subfield></datafield><datafield tag="952" ind1="-" ind2="1"><subfield code="g">Austria-Hungría</subfield></datafield><datafield tag="952" ind1="-" ind2="1"><subfield code="g">Austria-Ungheria</subfield></datafield><datafield tag="952" ind1="-" ind2="1"><subfield code="g">Monarchia Austro-Ungarica</subfield></datafield><datafield tag="952" ind1="-" ind2="1"><subfield code="g">Austro-We̜gry</subfield></datafield><datafield tag="952" ind1="-" ind2="1"><subfield code="g">Österreich-Ungarische Monarchie</subfield></datafield><datafield tag="952" ind1="-" ind2="1"><subfield code="g">Österreichisch-Ungarisches Reich</subfield></datafield><datafield tag="952" ind1="-" ind2="1"><subfield code="g">Osztrák-Magyar Monarchia</subfield></datafield><datafield tag="952" ind1="-" ind2="1"><subfield code="g">Autriche-Hongrie</subfield></datafield><datafield tag="957" ind1="-" ind2="1"><subfield code="g">Österreichisch-Ungarische Monarchie</subfield></datafield><datafield tag="957" ind1="-" ind2="1"><subfield code="g">Donaumonarchie</subfield></datafield><datafield tag="957" ind1="-" ind2="1"><subfield code="g">Doppelmonarchie</subfield></datafield><datafield tag="957" ind1="-" ind2="1"><subfield code="g">Habsburgerreich</subfield><subfield code="h">1867-1918</subfield></datafield><datafield tag="957" ind1="-" ind2="1"><subfield code="g">Habsburgisches Reich</subfield><subfield code="h">1867-1918</subfield></datafield><datafield tag="957" ind1="-" ind2="1"><subfield code="g">Habsburgermonarchie</subfield><subfield code="h">1867-1918</subfield></datafield><datafield tag="957" ind1="-" ind2="1"><subfield code="g">Osztrák-Magyar Birodalom</subfield></datafield><datafield tag="957" ind1="-" ind2="1"><subfield code="g">Monarchie Austro-Hongroise</subfield></datafield><datafield tag="957" ind1="-" ind2="1"><subfield code="g">Empire Austro-Hongrois</subfield></datafield><datafield tag="957" ind1="-" ind2="1"><subfield code="g">Austria-Hungary</subfield></datafield><datafield tag="957" ind1="-" ind2="1"><subfield code="g">Austrian-Hungarian Monarchy</subfield></datafield><datafield tag="957" ind1="-" ind2="1"><subfield code="g">Austrian-Hungarian Empire</subfield></datafield><datafield tag="957" ind1="-" ind2="1"><subfield code="g">Austria-Hungría</subfield></datafield><datafield tag="957" ind1="-" ind2="1"><subfield code="g">Austria-Ungheria</subfield></datafield><datafield tag="957" ind1="-" ind2="1"><subfield code="g">Monarchia Austro-Ungarica</subfield></datafield><datafield tag="957" ind1="-" ind2="1"><subfield code="g">Austro-We̜gry</subfield></datafield><datafield tag="957" ind1="-" ind2="1"><subfield code="g">Österreich-Ungarische Monarchie</subfield></datafield><datafield tag="957" ind1="-" ind2="1"><subfield code="g">Österreichisch-Ungarisches Reich</subfield></datafield><datafield tag="957" ind1="-" ind2="1"><subfield code="g">Osztrák-Magyar Monarchia</subfield></datafield><datafield tag="957" ind1="-" ind2="1"><subfield code="g">Autriche-Hongrie</subfield></datafield><datafield tag="957" ind1="-" ind2="1"><subfield code="s">Jude</subfield></datafield><datafield tag="088" ind1=" " ind2=" "><subfield code="a">294</subfield><subfield code="b">00000021</subfield><subfield code="c">RLB5654</subfield><subfield code="e">ILL Ausleihe</subfield></datafield><datafield tag="088" ind1=" " ind2=" "><subfield code="a">38</subfield><subfield code="b">00000001</subfield><subfield code="c">4E8289</subfield><subfield code="e">ILL Ausleihe</subfield></datafield><datafield tag="088" ind1=" " ind2=" "><subfield code="a">5</subfield><subfield code="b">00000000</subfield><subfield code="c">Lg 4&apos; 25 (78)</subfield><subfield code="e">ILL Ausleihe</subfield></datafield><datafield tag="088" ind1=" " ind2=" "><subfield code="a">38/425</subfield><subfield code="b">00425001</subfield><subfield code="c">425/56.301</subfield><subfield code="e">keine ILL</subfield></datafield><datafield tag="088" ind1=" " ind2=" "><subfield code="a">5/161</subfield><subfield code="b">00049001</subfield><subfield code="c">B 14 h 3</subfield><subfield code="e">keine ILL</subfield></datafield><datafield tag="088" ind1=" " ind2=" "><subfield code="a">361</subfield><subfield code="b">14G_M</subfield><subfield code="c">DG328 G144</subfield><subfield code="e">ILL Kopie+Ausl.</subfield></datafield><datafield tag="088" ind1=" " ind2=" "><subfield code="a">61</subfield><subfield code="b">02</subfield><subfield code="c">hist300.g144</subfield><subfield code="e">Ausleihbestand</subfield></datafield><datafield tag="088" ind1=" " ind2=" "><subfield code="a">468</subfield><subfield code="b">05</subfield><subfield code="c">ZZV654691</subfield><subfield code="e">Magazin FBZ, ausleihbar</subfield></datafield><datafield tag="088" ind1=" " ind2=" "><subfield code="a">385</subfield><subfield code="c">w68512</subfield><subfield code="e">Normalausleihe</subfield></datafield><datafield tag="088" ind1=" " ind2=" "><subfield code="a">82</subfield><subfield code="c">MA7996-78+1</subfield><subfield code="e">keine Angabe</subfield></datafield><datafield tag="088" ind1=" " ind2=" "><subfield code="a">465</subfield><subfield code="b">E07</subfield><subfield code="c">ZZZK760130</subfield><subfield code="e">Magazinausleihe</subfield></datafield><datafield tag="088" ind1=" " ind2=" "><subfield code="a">6</subfield><subfield code="c">3D 45250</subfield><subfield code="e">keine Angabe</subfield></datafield><datafield tag="088" ind1=" " ind2=" "><subfield code="a">466</subfield><subfield code="c">LUR1014-78</subfield><subfield code="e">keine Angabe</subfield></datafield><datafield tag="088" ind1=" " ind2=" "><subfield code="a">708</subfield><subfield code="c">MJD/GAI</subfield><subfield code="e">Keine Angabe</subfield></datafield><datafield tag="088" ind1=" " ind2=" "><subfield code="a">131</subfield></datafield></record></metadata></record></ListRecords></OAI-PMH>